<record><leader>00000cas a22000007a 4500</leader><controlfield tag="001">14232122</controlfield><controlfield tag="008">860918d18991899wiumr ne      0    0eng d</controlfield><datafield ind1=" " ind2=" " tag="010"><subfield code="a">sn 86086688 </subfield></datafield><datafield ind1=" " ind2=" " tag="040"><subfield code="a">NPV</subfield><subfield code="b">eng</subfield><subfield code="c">NPV</subfield><subfield code="d">OCLCQ</subfield></datafield><datafield ind1=" " ind2=" " tag="042"><subfield code="a">msc</subfield></datafield><datafield ind1=" " ind2=" " tag="045"><subfield code="a">w9w9</subfield></datafield><datafield ind1=" " ind2=" " tag="052"><subfield code="a">4123</subfield><subfield code="b">G7</subfield></datafield><datafield ind1="0" ind2=" " tag="130"><subfield code="a">Swamp angel (Monroe, Wis.)</subfield></datafield><datafield ind1="1" ind2="4" tag="245"><subfield code="a">The swamp angel.</subfield></datafield><datafield ind1=" " ind2=" " tag="260"><subfield code="a">Monroe, Wis. :</subfield><subfield code="b">T.D. Remington,</subfield><subfield code="c">-1899.</subfield></datafield><datafield ind1=" " ind2=" " tag="300"><subfield code="a">1 v.</subfield></datafield><datafield ind1=" " ind2=" " tag="310"><subfield code="a">Monthly</subfield></datafield><datafield ind1="0" ind2=" " tag="362"><subfield code="a">-v. 1, no. 11 (Dec. 1, 1899).</subfield></datafield><datafield ind1="1" ind2=" " tag="362"><subfield code="a">Began in Feb. 1899?</subfield></datafield><datafield ind1=" " ind2=" " tag="500"><subfield code="a">Editor: T.D. Remington, &lt;Aug. 1, 1899&gt;-Dec. 1, 1899.</subfield></datafield><datafield ind1=" " ind2=" " tag="530"><subfield code="a">Available on microfilm from The State Historical Society of Wisconsin.</subfield></datafield><datafield ind1=" " ind2=" " tag="588"><subfield code="a">Description based on: Vol. 1, no. 7 (Aug. 1, 1899).</subfield></datafield><datafield ind1=" " ind2=" " tag="752"><subfield code="a">United States</subfield><subfield code="b">Wisconsin</subfield><subfield code="c">Green</subfield><subfield code="d">Monroe.</subfield></datafield></record>